@online{dries2019headless,
  author = {Dries Buytaert},
  howpublished = {https://dri.es/headless-cms-rest-vs-jsonapi-vs-graphql},
  title = {Headless CMS: REST vs JSON:API vs GraphQL},
  year = {2019},
  urldate = {2024-03-19}
}

@book{beck2017scrum,
  author = {Kent Beck and Mike Beedle and Arie van Bennekum},
  title = {Agile Software Development: Principles, Patterns, and Practices},
  publisher = {Prentice Hall},
  year = {2017},
  edition = {2nd}
}

@article{fowler2006continuous,
  author = {Martin Fowler and Matthew Foemmel},
  title = {Continuous Integration},
  journal = {ThoughtWorks},
  year = {2006},
  url = {https://martinfowler.com/articles/continuousIntegration.html},
  urldate = {2024-03-19}
}

@book{newman2015building,
  author = {Sam Newman},
  title = {Building Microservices: Designing Fine-Grained Systems},
  publisher = {O'Reilly Media},
  year = {2015},
  isbn = {978-1491950357}
}

@online{docker2024containers,
  author = {{Docker Inc.}},
  title = {Docker Documentation: Container Technology},
  year = {2024},
  url = {https://docs.docker.com/get-started/overview/},
  urldate = {2024-03-19}
}

@book{kim2016devops,
  author = {Gene Kim and Jez Humble and Patrick Debois and John Willis},
  title = {The DevOps Handbook: How to Create World-Class Agility, Reliability, and Security in Technology Organizations},
  publisher = {IT Revolution Press},
  year = {2016},
  isbn = {978-1942788003}
}

@inproceedings{richardson2018microservices,
  author = {Chris Richardson},
  title = {Microservices Patterns: With Examples in Java},
  booktitle = {Manning Publications},
  year = {2018},
  pages = {1-520},
  isbn = {978-1617294549}
}

@online{react2024docs,
  author = {{Meta Platforms Inc.}},
  title = {React Documentation: A JavaScript Library for Building User Interfaces},
  year = {2024},
  url = {https://react.dev/learn},
  urldate = {2024-03-19}
}

@online{nextjs2024features,
  author = {{Vercel Inc.}},
  title = {Next.js Documentation: The React Framework for the Web},
  year = {2024},
  url = {https://nextjs.org/docs},
  urldate = {2024-03-19}
}

@book{hunt2019pragmatic,
  author = {David Thomas and Andrew Hunt},
  title = {The Pragmatic Programmer: Your Journey to Mastery},
  publisher = {Addison-Wesley Professional},
  year = {2019},
  edition = {20th Anniversary Edition},
  isbn = {978-0135957059}
}

@online{acquia2022headless,
  author = {{Acquia}},
  title = {Headless Drupal},
  year = {2022},
  url = {https://www.acquia.com/blog/headless-drupal},
  urldate = {2025-05-01}
}

@online{docker2025multistage,
  author = {{Docker}},
  title = {Multi-stage builds},
  year = {2025},
  url = {https://docs.docker.com/build/building/multi-stage/},
  urldate = {2025-06-06}
}

@online{geeksforgeeks2025sdlc,
  author = {{GeeksforGeeks}},
  title = {Software Development Life Cycle (SDLC)},
  year = {2025},
  url = {https://www.geeksforgeeks.org/software-engineering/software-development-life-cycle-sdlc/},
  urldate = {2025-05-15}
}

@online{monorepo2025whatis,
  author = {{Monorepo.tools}},
  title = {What is a monorepo?},
  year = {2025},
  url = {https://monorepo.tools/#what-is-a-monorepo},
  urldate = {2025-05-28}
}

@online{orbstack2025vsdocker,
  author = {{OrbStack}},
  title = {Orbstack vs Docker Desktop},
  year = {2025},
  url = {https://docs.orbstack.dev/compare/docker-desktop},
  urldate = {2025-05-15}
}

@online{redis2025nodejs,
  author = {{Redis}},
  title = {Redis Node.js Client},
  year = {2025},
  url = {https://redis.io/docs/latest/develop/clients/nodejs/},
  urldate = {2025-05-28}
}

@online{traefik2025docker,
  author = {{Traefik}},
  title = {Traefik Docker Provider},
  year = {2025},
  url = {https://doc.traefik.io/traefik/providers/docker/},
  urldate = {2025-06-01}
}

@online{void2025clients,
  author = {{VOID Digital Agency}},
  title = {Clients - Ã‰tudes de cas marketing digital},
  year = {2025},
  url = {https://void.fr/fr/etude-de-cas-marketing-digital},
  urldate = {2025-05-01}
}

@online{owasp2025,
  author = {{OWASP Foundation}},
  title = {OWASP Top Ten Web Application Security Risks},
  year = {2025},
  url = {https://owasp.org/www-project-top-ten/},
  urldate = {2025-01-15}
}

