@online{dries2019headless,
    author = {Dries Buytaert},
    title = {Headless CMS: REST vs JSON:API vs GraphQL},
    year = {2019},
    url = {https://dri.es/headless-cms-rest-vs-jsonapi-vs-graphql},
    urldate = {2024-03-19}
}

@online{owasp2025,
    author = {{OWASP Foundation}},
    title = {OWASP Top 10:2025},
    year = {2025},
    url = {https://owasp.org/www-project-top-ten/},
    urldate = {2024-03-19}
} 